@article{Reference1,
	Abstract = {We have developed an enhanced Littrow configuration extended cavity diode laser (ECDL) that can be tuned without changing the direction of the output beam. The output of a conventional Littrow ECDL is reflected from a plane mirror fixed parallel to the tuning diffraction grating. Using a free-space Michelson wavemeter to measure the laser wavelength, we can tune the laser over a range greater than 10 nm without any alteration of alignment.},
	Author = {C. J. Hawthorn and K. P. Weber and R. E. Scholten},
	Journal = {Review of Scientific Instruments},
	Month = {December},
	Number = {12},
	Numpages = {3},
	Pages = {4477--4479},
	Title = {Littrow Configuration Tunable External Cavity Diode Laser with Fixed Direction Output Beam},
	Volume = {72},
	Url = {http://link.aip.org/link/?RSI/72/4477/1},
	Year = {2001}}

@book{beautifuldata,
  title={Beautiful data: the stories behind elegant data solutions},
  author={Segaran, Toby and Hammerbacher, Jeff},
  year={2009},
  publisher={" O'Reilly Media, Inc."}
}

@article{damerau,
 author = {Damerau, Fred J.},
 title = {A Technique for Computer Detection and Correction of Spelling Errors},
 journal = {Commun. ACM},
 issue_date = {March 1964},
 volume = {7},
 number = {3},
 month = mar,
 year = {1964},
 issn = {0001-0782},
 pages = {171--176},
 numpages = {6},
 url = {http://doi.acm.org/10.1145/363958.363994},
 doi = {10.1145/363958.363994},
 acmid = {363994},
 publisher = {ACM},
 address = {New York, NY, USA},
}

@inproceedings{levenshtein,
  title={Binary codes capable of correcting deletions, insertions, and reversals},
  author={Levenshtein, Vladimir I},
  booktitle={Soviet physics doklady},
  volume={10},
  number={8},
  pages={707--710},
  year={1966}
}

@misc{WikiExtractorUniPi,
  author = {Medialab, Universit√† di Pisa},
  title = {Wikipedia extractor},
  howpublished = {\url{http://medialab.di.unipi.it/wiki/Wikipedia_extractor}},
}

@misc{WikiExtractorMTUniPi,
  author = {Leonardo Souza},
  title = {Multithreaded Wikipedia extractor},
  howpublished = {\url{https://bitbucket.org/leonardossz/multithreaded-wikipedia-extractor/wiki/Home}},
}

@misc{GeneratingCandidates,
  author = {Dustin Boswell},
  title = {Generating Candidate Spelling Corrections},
  howpublished = {\url{http://dustwell.com/PastWork/NearestNeighborWordsPresent.pdf}},
  year = {2004},
}

@article{kukich,
 author = {Kukich, Karen},
 title = {Techniques for Automatically Correcting Words in Text},
 journal = {ACM Comput. Surv.},
 issue_date = {Dec. 1992},
 volume = {24},
 number = {4},
 month = dec,
 year = {1992},
 issn = {0360-0300},
 pages = {377--439},
 numpages = {63},
 url = {http://doi.acm.org/10.1145/146370.146380},
 doi = {10.1145/146370.146380},
 acmid = {146380},
 publisher = {ACM},
 address = {New York, NY, USA},
 keywords = {n-gram analysis, Optical Character Recognition (OCR), context-dependent spelling correction, grammar checking, natural-language-processing models, neural net classifiers, spell checking, spelling error detection, spelling error patterns, statistical-language models, word recognition and correction},
}

@inproceedings{languageindependent,
  title={Language Independent Text Correction using Finite State Automata.},
  author={Hassan, Ahmed and Noeman, Sara and Hassan, Hany},
  booktitle={IJCNLP},
  pages={913--918},
  year={2008}
}

@inproceedings{noisychannel,
  title={An improved error model for noisy channel spelling correction},
  author={Brill, Eric and Moore, Robert C},
  booktitle={Proceedings of the 38th Annual Meeting on Association for Computational Linguistics},
  pages={286--293},
  year={2000},
  organization={Association for Computational Linguistics}
}

@misc{norvig,
  author = {Peter Norvig	},
  title = {How to Write a Spelling Corrector},
  howpublished = {\url{http://norvig.com/spell-correct.html}},
}

@book{nltkredis,
  title={Python 3 Text Processing with NLTK 3 Cookbook},
  author={Perkins, Jacob},
  year={2014},
  publisher={Packt Publishing Ltd}
}